<?xml version="1.0" encoding="UTF-8"?>
<collection xmlns:xsi="http://www.w3.org/2001/XMLSchema-instance" xsi:schemaLocation="http://www.loc.gov/MARC21/slim http://www.loc.gov/standards/marcxml/schema/MARC21slim.xsd" xmlns="http://www.loc.gov/MARC21/slim">
<record>
  <leader>00724nam a22001811  4500</leader>
  <controlfield tag="001">2534450</controlfield>
  <controlfield tag="003">NNC</controlfield>
  <controlfield tag="005">20030429131150.0</controlfield>
  <controlfield tag="008">000410s1906    ua            000 0 ara d</controlfield>
  <datafield tag="035" ind1=" " ind2=" ">
    <subfield code="a">(OCoLC)ocm43814540</subfield>
  </datafield>
  <datafield tag="035" ind1=" " ind2=" ">
    <subfield code="9">AQL5715CU</subfield>
  </datafield>
  <datafield tag="040" ind1=" " ind2=" ">
    <subfield code="a">ZCU</subfield>
    <subfield code="c">ZCU</subfield>
  </datafield>
  <datafield tag="090" ind1=" " ind2=" ">
    <subfield code="a">DT76</subfield>
    <subfield code="b">.R33</subfield>
  </datafield>
  <datafield tag="100" ind1="1" ind2=" ">
    <subfield code="a">Rāfiʻī, Muḥammad Rashīd.</subfield>
  </datafield>
  <datafield tag="245" ind1="1" ind2="0">
    <subfield code="a">Tarjamat ḥayāt al-maghfūr lahū al-imām ... al-faqīh ... al-shaykh ʻAbd al-Qādir al-Rāfiʻī al-Farūqī al-Ḥanafī, shaykh al-sādah al-Ḥanafīyah wa-muftī al-Diyār al-Miṣrīyah ... ,</subfield>
    <subfield code="c">bi-qalam waladihī ... Muḥammad Rashīd al-Rāfiʻī.</subfield>
  </datafield>
  <datafield tag="260" ind1=" " ind2=" ">
    <subfield code="a">Miṣr,</subfield>
    <subfield code="b">Dār al-Taqaddum,</subfield>
    <subfield code="c">1323 h., 1906 m.</subfield>
  </datafield>
  <datafield tag="300" ind1=" " ind2=" ">
    <subfield code="a">192 p.</subfield>
    <subfield code="c">20 cm.</subfield>
  </datafield>
  <datafield tag="955" ind1=" " ind2=" ">
    <subfield code="b">CU52869555</subfield>
    <subfield code="d">off,glx</subfield>
    <subfield code="e">DT76 .R33</subfield>
  </datafield>
</record>
</collection>